<?xml version="1.0" encoding="utf-8"?>
<record xmlns="http://www.loc.gov/MARC21/slim" xmlns:xsi="http://www.w3.org/2001/XMLSchema-instance" xsi:schemaLocation="http://www.loc.gov/MARC21/slim http://www.loc.gov/standards/marcxml/schema/MARC21slim.xsd">
	<leader>     nam a22        4500</leader>
	<controlfield tag="001">2984958</controlfield>
	<controlfield tag="003">NNC</controlfield>
	<controlfield tag="006">m        d        </controlfield>
	<controlfield tag="007">cr cn |||m|||a</controlfield>
	<controlfield tag="008">180119s1971    iq      ob    000 0 arar </controlfield>
	<datafield ind1=" " ind2=" " tag="040">
		<subfield code="a">NNU</subfield>
		<subfield code="b">eng</subfield>
		<subfield code="e">rda</subfield>
		<subfield code="c">NNU</subfield>
	</datafield>
	<datafield ind1=" " ind2=" " tag="043">
		<subfield code="a">a-iq---</subfield>
	</datafield>
	<datafield ind1="0" ind2="0" tag="050">
		<subfield code="a">PJ8046</subfield>
		<subfield code="b">.Q5</subfield>
	</datafield>
	<datafield ind1="0" ind2="0" tag="245">
		<subfield code="6">880-01</subfield>
		<subfield code="a">Qiṣaṣ ʻIrāqīyah muʻāṣirah /</subfield>
		<subfield code="c">Muḥammad Khudayr-- [and others] ; dirāsat Fāḍil Thāmir, Yāsīn al-Naṣīr.</subfield>
	</datafield>
	<datafield ind1=" " ind2=" " tag="260">
		<subfield code="6">880-02</subfield>
		<subfield code="a">Baghdād :</subfield>
		<subfield code="b">Maktabat Baghdād,</subfield>
		<subfield code="c">1971.</subfield>
	</datafield>
	<datafield ind1=" " ind2=" " tag="300">
		<subfield code="a">online resource (216 pages)</subfield>
	</datafield>
	<datafield ind1=" " ind2=" " tag="336">
		<subfield code="a">text</subfield>
		<subfield code="2">rdacontent</subfield>
	</datafield>
	<datafield ind1=" " ind2=" " tag="337">
		<subfield code="a">computer</subfield>
		<subfield code="2">rdamedia</subfield>
	</datafield>
	<datafield ind1=" " ind2=" " tag="338">
		<subfield code="a">online resource</subfield>
		<subfield code="2">rdacarrier</subfield>
	</datafield>
	<datafield ind1=" " ind2=" " tag="500">
		<subfield code="a">Part of the Arabic Collections Online (ACO) project, contributed by Columbia University Libraries.</subfield>
	</datafield>
	<datafield ind1=" " ind2=" " tag="504">
		<subfield code="a">Includes bibliographical references.</subfield>
	</datafield>
	<datafield ind1="0" ind2=" " tag="505">
		<subfield code="a">Thāmir, Fāḍil, al-Naṣīr, Yāsīn. Hādhihi al-majmūʻah al-qaṣaṣīyah-- limādhā? -- al-Naṣīr, Yāsīn. Naẓrah ʻalá wāqiʻ al-qiṣṣah al-qaṣīrah fī al-ʻIrāq. -- Thāmir, Fāḍil. ʻAlāmāt fī ṭarīq taṭawwur al-qiṣṣah al-ʻIrāqīyah. -- Khudayr, Muḥammad. al-Urjūḥah. -- al-Asadī, Fahd. -- Ṭuyūr al-samāʼ. -- Karīdī, Mūsá. Ṭuqūs al-ʻāʼilah. -- ʻAbd al-Amīr, Khudayr. -- Waraqat al-iḥtijāj al-ʻāshirah. -- al-ʻIbādī, Ghazī. li-ʻAḍāʼ. -- al-Dabbāgh, Ghānim. al-Ṣūrah. -- Khalaf, Aḥmad. Nuzhah fī shawāriʻ mahjūrah. -- Nāṣir, ʻAbd al-Sittār. Rajul ismuhu Sharīf Nādir. -- al-Rabīʻī, ʻAbd al-Raḥmān. al-Dāʼirah lā bāb laha. -- al-Lāmī, Jumʻah. Ihtimāmāt ʻIrāqīyah. -- al-Qayyisī, Jalīl. -- Dayyūs akas māshīnā. -- Būluṣ, Sirkūn. al-Maljāʼ. -- ʻĀrif, Muḥammad Kāmil. al-Ṭayr al-aswad al-ṣaghīr. -- Khiḍr, Mawfiq. Ḥikāyatān ʻan al-madīnah. -- ʻAbd al-Majīd, Muḥammad. al-Hijrah fī al-ayyām al-muʼajjalah min zaman al-sakhaṭ. -- al-Ḥaydarī, Yūsuf. al-ʻAnkubūt.</subfield>
	</datafield>
	<datafield ind1=" " ind2=" " tag="533">
		<subfield code="a">Electronic reproduction.</subfield>
		<subfield code="b">New York, N.Y. :</subfield>
		<subfield code="c">New York University,</subfield>
		<subfield code="d">2018.</subfield>
		<subfield code="5">NNU</subfield>
	</datafield>
	<datafield ind1=" " ind2="0" tag="650">
		<subfield code="a">Short stories, Arabic</subfield>
		<subfield code="z">Iraq.</subfield>
	</datafield>
	<datafield ind1=" " ind2="7" tag="650">
		<subfield code="a">Short stories, Arabic.</subfield>
		<subfield code="2">fast</subfield>
		<subfield code="0">(OCoLC)fst01117086</subfield>
	</datafield>
	<datafield ind1=" " ind2="7" tag="651">
		<subfield code="a">Iraq.</subfield>
		<subfield code="2">fast</subfield>
		<subfield code="0">(OCoLC)fst01205757</subfield>
	</datafield>
	<datafield ind1=" " ind2="7" tag="655">
		<subfield code="a">Criticism, interpretation, etc.</subfield>
		<subfield code="2">fast</subfield>
		<subfield code="0">(OCoLC)fst01411635</subfield>
	</datafield>
	<datafield ind1="1" ind2=" " tag="700">
		<subfield code="6">880-03</subfield>
		<subfield code="a">Thāmir, Fāḍil. </subfield>
	</datafield>
	<datafield ind1="1" ind2=" " tag="700">
		<subfield code="6">880-04</subfield>
		<subfield code="a">Naṣīr, Yāsīn.</subfield>
	</datafield>
	<datafield ind1="2" ind2=" " tag="710">
		<subfield code="a">Columbia University.</subfield>
		<subfield code="b">Libraries.</subfield>
	</datafield>
	<datafield ind1="0" ind2=" " tag="730">
		<subfield code="a">Arabic Collections Online.</subfield>
	</datafield>
	<datafield ind1="0" ind2="8" tag="776">
		<subfield code="i">Print version:</subfield>
		<subfield code="t">Qiṣaṣ ʻIrāqīyah muʻāṣirah</subfield>
		<subfield code="w">(NNC)2984958</subfield>
		<subfield code="w">(DLC)   75972325 </subfield>
		<subfield code="w">(OCoLC)30339859</subfield>
	</datafield>
	<datafield ind1="4" ind2="0" tag="856">
		<subfield code="u">http://hdl.handle.net/2333.1/kd51cbnm</subfield>
	</datafield>
	<datafield ind1="0" ind2="0" tag="880">
		<subfield code="6">245-01/r</subfield>
		<subfield code="a">قصص عراقية معاصرة /</subfield>
		<subfield code="c">محمد خضير [و آخرون] ؛ دراسة فاضل ثامر، ياسين النصير.</subfield>
	</datafield>
	<datafield ind1=" " ind2=" " tag="880">
		<subfield code="6">260-02/r</subfield>
		<subfield code="a">بغداد :</subfield>
		<subfield code="b">مكتبة بغداد،</subfield>
		<subfield code="c">1971.</subfield>
	</datafield>
	<datafield ind1="1" ind2=" " tag="880">
		<subfield code="6">700-03/r</subfield>
		<subfield code="a">ثامر، فاضل. </subfield>
	</datafield>
	<datafield ind1="1" ind2=" " tag="880">
		<subfield code="6">700-04/r</subfield>
		<subfield code="a">نصير، ياسين.</subfield>
	</datafield>
	<datafield ind1=" " ind2=" " tag="959">
		<subfield code="a">NNU</subfield>
		<subfield code="b">WEB</subfield>
		<subfield code="c">GENI</subfield>
		<subfield code="t">0</subfield>
		<subfield code="m">Electronic access</subfield>
		<subfield code="s">01</subfield>
	</datafield>
	<datafield ind1=" " ind2=" " tag="999">
		<subfield code="i">NNC_2984958</subfield>
		<subfield code="o">(OCoLC)ocm30339859</subfield>
		<subfield code="s">columbia_aco002840</subfield>
		<subfield code="e">(ERROR-880)</subfield>
		<subfield code="s">columbia_aco002840</subfield>
	</datafield>
</record>
